@article{1748-0221-10-08-C08016,
  author={D. Bortoletto},
  title={How and why silicon sensors are becoming more and more intelligent?},
  journal={\textbf{\textup{Journal of Instrumentation}}},
  volume={10},
  number={08},
  pages={\ C08016},
  url={http://stacks.iop.org/1748-0221/10/i=08/a=C08016},
  year={2015}
}

@book{singh1995semiconductor,
  title={Semiconductor Optoelectronics: Physics and Technology},
  author={Singh J.},
  isbn={9780070576377},
  lccn={94078280},
  series={Electronics and VLSI circuits},
  url={https://books.google.co.th/books?id=0zZtQgAACAAJ},
  year={1995},
  publisher={McGraw-Hill}
}

@thesis{vanHoorn:2119197,
      author        = {van Hoorn and Jacobus Willem and Krammer and Manfred and
                       Riedler  and Petra},
      title         = {Study and Development of a novel Silicon Pixel Detector
                       for the Upgrade of the {ALICE} Inner Tracking System},
      month         = {Oct},
      year          = {2015},
      reportNumber  = {CERN-THESIS-2015-255},
      url           = {http://cds.cern.ch/record/2119197},
      note          = {Presented 24 Nov 2015},
}

@phdthesis{Dragicevic:2010xca,
      author         = {Dragicevic Marko},
      title          = {\textup{The New Silicon Strip Detectors for the {CMS} Tracker
                        Upgrade}},
      school         = {\textbf{Vienna, Tech. U.}},
      year           = {2010},
      reportNumber   = {CERN-THESIS-2010-093},
      SLACcitation   = {}
}

@article{Hochberg2013SiliconPT,
  title={Silicon Photonics: The Next Fabless Semiconductor Industry},
  author={Michael Hochberg and Nicholas Christopher Harris and Ran Din and Yi Zhan and Ari Novac and Zhe Xuan and Tom Baehr-Jones},
  journal={\textbf{\textup{IEEE Solid-State Circuits Magazine}}},
  year={2013},
  volume={5},
  pages={\ 48 -- 58}
}

@book{TMECbook,
  title={Defect Assessment in Advanced Semiconductor Materials and Devices},
  author={Singh, J.},
  isbn={9056823787},
  series={Electronics and VLSI circuits},
  url={https://books.google.co.th/books?id=0zZtQgAACAAJ},
  year={1995},
  publisher={McGraw-Hill}
}

@article{PToverRT,
  title={Particle beam therapy (hadrontherapy): basis for interest and clinical experience},
  author={Michael Hochberg and Nicholas Christopher Harri and Ran Ding and Yi Zhang and Ari Novack and Zhe Xuan and Tom Baehr-Jones},
  journal={\textbf{\textup{European Journal of Cancer}}},
  year={1998},
  volume={34},
  pages={\ 459 -- 468}
}

@article{PTinsteadrRT,
  title={Density resolution of proton computed tomography},
  author={Schulte, Reinhard and Bashkirov, Vladimir and Klock, Margio and li, Tianfang and Wroe, Andrew and Evseev, Ivan and C Williams, David and Satogata, Todd},
  journal={\textbf{\textup{American Association of Physicists in Medicine}}},
  year={2005},
  volume={32},
  pages={\ 1035 -- 1046}
}

@article{pRTandPCT,
author = {Poludniowski, Gavin and Allinson, Nigel and M Evans, P},
title = {Proton radiography and tomography with application to proton therapy},
journal ={\textbf{\textup{The British Journal of Radiology}}},
volume = {88},
number = {1053},
pages = {\ 20150134},
year = {2015}
}

@article{CMOSinPCT,
author = {G Poludniowski and N M Allinson and T Anaxagoras and M Esposito and S Green and S Manolopoulos and J Nieto-Camero and D J Parker and T Price and P M Evans},
title = {Proton-counting radiography for proton therapy: a proof of principle using {CMOS} {APS} technology},
journal = {\textbf{\textup{Physics in Medicine & Biology}}},
volume = {59},
pages = {\ 2569 -- 2581},
year = {2014}
}

@article{SNOEYS2018,
title = {Monolithic {CMOS} sensors for high energy physics},
journal = {\textbf{\textup{Nuclear Instruments and Methods in Physics Research Section A: Accelerators, Spectrometers, Detectors and Associated Equipment}}},
year = {2018},
issn = {0168-9002},
doi = {https://doi.org/10.1016/j.nima.2018.06.034},
url = {http://www.sciencedirect.com/science/article/pii/S0168900218307551},
author = {W. Snoeys},
keywords = {Particle sensors, Monolithic sensors, MAPS, Particle detection, CMOS sensors}
}

@article{BASHKIROV2016120,
title = {Development of proton computed tomography detectors for applications in hadron therapy},
journal = {\textbf{\textup{Nuclear Instruments and Methods in Physics Research Section A: Accelerators, Spectrometers, Detectors and Associated Equipment}}},
volume = {809},
pages = {\ 120 -- 129},
year = {2016},
note = {Advances in detectors and applications for medicine},
issn = {0168-9002},
doi = {https://doi.org/10.1016/j.nima.2015.07.066},
url = {http://www.sciencedirect.com/science/article/pii/S0168900215009274},
author = {Vladimir A. Bashkirov and Robert P. Johnson and Hartmut F.-W. Sadrozinski and Reinhard W. Schulte},
keywords = {Proton computed tomography, Hadron therapy, WEPL, Proton detector, Range measurement, Head scanner}
}

@article {CTandXray,
	author = {Frush, Donald P. and Donnelly, Lane F. and Rosen, Nancy S.},
	title = {Computed Tomography and Radiation Risks: What Pediatric Health Care Providers Should Know},
	volume = {112},
	number = {4},
	pages = {\ 951 -- 957},
	year = {2003},
	doi = {10.1542/peds.112.4.951},
	publisher = {American Academy of Pediatrics},
	issn = {0031-4005},
	URL = {http://pediatrics.aappublications.org/content/112/4/951},
	eprint = {http://pediatrics.aappublications.org/content/112/4/951.full.pdf},
	journal = {\textbf{\textup{Pediatrics}}}
}

@article{BraggPeakImg,
author = {Weber and Uli and Kraft and Gerhard},
year = {2009},
month = {07},
pages = {\ 325 -- 32},
title = {Comparison of Carbon Ions Versus Protons},
volume = {15},
journal = {\textbf{\textup{Cancer journal (Sudbury, Mass.)}}},
doi = {10.1097/PPO.0b013e3181b01935}
}

@proceedings{SLRIandALPIDE,
  editor =       {Anantachai Lakrathok and Natthawaut Laojamnongwong and Narong Chanlek and Kritsada Kittimanapun and Chinorat Kobdaj},
  title =       {\textup{Setup and commissioning of the test beam telescope for sensor characterization at the 1 GeV Test Beam at {SLRI} Beam Test Facility}},
  booktitle =    {The 7th International Graduate Research Conference (IGRC 7)},
  publisher =    {\textbf{Organizing committee of the IGRC 7}}
  venue =        {Ubon Ratchathani University},
  month =        {Octobe},
  year =         {2017},
  isbn =         {1-59593-322-0},
}

@article{TURCHETTA2001677,
title = {A monolithic active pixel sensor for charged particle tracking and imaging using standard {VLSI} {CMOS} technology},
journal = {\textbf{\textup{Nuclear Instruments and Methods in Physics Research Section A: Accelerators, Spectrometers, Detectors and Associated Equipment}}},
volume = {458},
number = {3},
pages = {\ 677 -- 689},
year = {2001},
issn = {0168-9002},
doi = {https://doi.org/10.1016/S0168-9002(00)00893-7},
url = {http://www.sciencedirect.com/science/article/pii/S0168900200008937},
author = {R Turchetta and J.D Berst and B Casadei and G Claus and C Colledani and W Dulinski and Y Hu and D Husson and J.P Le Normand and J.L Riester and G Deptuch and U Goerlach and S Higueret and M Winter},
keywords = {Solid-state detectors, Low noise, CMOS, Imaging, Pixel},
}

@article{MAPS,
author = {Deptuch, G and Claus, G and Colledani, Claude and Deveaux, Megan and Gay, A and Dulinski, W and Gornushkin, Yury and Hu Guo, Christine and Winter, M},
journal = {\textbf{\textup{Nuclear Instruments and Methods in Physics Research Section A: Accelerators, Spectrometers, Detectors and Associated Equipment}}},
year = {2003},
month = {09},
pages = {\ 240 -- 249},
title = {Development of monolithic active pixel sensors for charged particle tracking},
volume = {511},
doi = {10.1016/S0168-9002(03)01801-1}
}

@article{Broennimann:gf0003,
author = {Broennimann, Ch and Eikenberry, E.F. and Henrich, Beat and Horisberger, Roland and HÃ¼lsen, Gregor and Pohl, E and Schmitt, B and Schulze-Briese, Clemens and Suzuki, Michiyasu and Tomizaki, Takashi and Toyokawa, H and Wagner, A},
title = {The {PILATUS} 1M detector},
journal = {\textbf{\textup{Journal of Synchrotron Radiation}}},
year = {2006},
volume = {13},
number = {2},
pages = {\ 120 -- 130},
month = {Mar},
doi = {10.1107/S0909049505038665},
url = {https://doi.org/10.1107/S0909049505038665},
keywords = {hybrid pixel detector, single photon counting, macromolecular crystallography}
}

@incollection{MATTIS1978355,
title = {\textup{Signal processing using charge-coupled devices}},
editor = {Dov Jaron},
booktitle = {\textbf{\textup{Proceedings of the Sixth New England Bioengineering Conference}}},
publisher = {Pergamon},
pages = {\ 355 -- 357},
year = {1978},
isbn = {978-0-08-022678-1},
doi = {https://doi.org/10.1016/B978-0-08-022678-1.50094-1},
url = {http://www.sciencedirect.com/science/article/pii/B9780080226781500941},
author = "{W.E. Mattis}",
}

@INPROCEEDINGS{797263, 
author = {A. Krymski and D. Van Blerkom and A. Andersson and N. Bock and B. Mansooria and E. R. Fossum},
booktitle = {\textbf{1999 Symposium on VLSI Circuits. Digest of Papers (IEEE Cat. No.99CH36326)}}, 
title = {\textup{A high speed, 500 frames/s, 1024/spl times/1024 {CMOS} active pixel sensor}}, 
year={1999}, 
volume={}, 
number={}, 
pages={\ 137 -- 138}, 
doi={10.1109/VLSIC.1999.797263}, 
ISSN={}, 
month={June}
}

@article{Johnson_2017,
	doi = {10.1088/1361-6633/aa8b1d},
	url = {https://doi.org/10.1088%2F1361-6633%2Faa8b1d},
	year = 2017,
	month = {Nov},
	publisher = {{IOP} Publishing},
	volume = {81},
	number = {1},
	pages = {\ 016701},
	author = {Robert P Johnson},
	title = {Review of medical radiography and tomography with proton beams},
	journal = {\textbf{\textup{Reports on Progress in Physics}}}
}

@article{Esposito_2011,
	doi = {10.1088/1748-0221/6/12/c12064},
	url = {https://doi.org/10.1088%2F1748-0221%2F6%2F12%2Fc12064},
	year = 2011,
	month = {dec},
	publisher = {{IOP} Publishing},
	volume = {6},
	number = {12},
	pages = {\ C12064 -- C12064},
	author = {M Esposito and T Anaxagoras and A Fant and K Wells and A Konstantinidis and J P F Osmond and P M Evans and R D Speller and N M Allinson},
	title = {{DynAMITe}: a wafer scale sensor for biomedical applications},
	journal = {\textbf{\textup{Journal of Instrumentation}}}
}

@article{Charge-TCAD,
title = {Simulation and measurements of charge collection in monolithic active pixel sensors},
journal = {\textbf{\textup{Nuclear Instruments and Methods in Physics Research Section A: Accelerators, Spectrometers, Detectors and Associated Equipment}}},
volume = {465},
number = {1},
pages = {\ 92 -- 100},
year = {2001},
note = {SPD2000},
issn = {0168-9002},
doi = {https://doi.org/10.1016/S0168-9002(01)00361-8},
url = {http://www.sciencedirect.com/science/article/pii/S0168900201003618},
author = {G. Deptuch and M. Winter and W. Dulinski and D. Husson and R. Turchetta and J.L. Riester}
}

@article{MATTIAZZO2017664,
title = {The i{MPACT} project tracker and calorimeter},
journal = {\textbf{\textup{Nuclear Instruments and Methods in Physics Research Section A: Accelerators, Spectrometers, Detectors and Associated Equipment}}},
volume = {845},
pages = {\ 664 -- 667},
year = {2017},
note = {Proceedings of the Vienna Conference on Instrumentation 2016},
issn = {0168-9002},
doi = {https://doi.org/10.1016/j.nima.2016.04.105},
url = {http://www.sciencedirect.com/science/article/pii/S0168900216303412},
author = {S. Mattiazzo and D. Bisello and P. Giubilato and D. Pantano and N. Pozzobon and W. Snoeys},
keywords = {Proton Computed Tomography, Tracker, Calorimeter, Hadron therapy}
}

@thesis{Suljic:2303618,
      author        = {Suljic and Miljenko and Camerini and Paolo},
      title         = {Study of Monolithic Active Pixel Sensors for the Upgrade
                       of the {ALICE} Inner Tracking System},
      month         = {Nov},
      year          = {2017},
      reportNumber  = {CERN-THESIS-2017-304},
      url           = {https://cds.cern.ch/record/2303618},
      note          = {Presented 02 Feb 2018},
}

@article{ALICE-PUBLIC-2018-013,
      author        = "{ALICE Collaboration}",
      title         = {Expression of Interest for an {ALICE} {ITS} Upgrade in {LS3}},
      collaboration = {ALICE Collaboration},
      month         = {Oct},
      year          = {2018},
      reportNumber  = {ALICE-PUBLIC-2018-013},
      url           = {http://cds.cern.ch/record/2644611}
}

@phdthesis{Reidt:2016bvz,
      author         = {Reidt and Felix},
      title          = {Studies for the {ALICE} Inner Tracking System Upgrade},
      school         = {Heidelberg U.},
      year           = {2016-02-15},
      url            = {http://www.ub.uni-heidelberg.de/archiv/20648},
      reportNumber   = {CERN-THESIS-2016-033, urn:nbn:de:bsz:16-heidok-206483},
}

@book{SiliconDetectorbook,
author = {Meroli and Stefano},
year = {2015},
month = {10},
pages = {},
title = {\textup{Interaction of radiation with matter: from the theory to the measurements}},
doi = {10.13140/RG.2.1.2551.7520}
}

@article{MAGER2016434,
title = {{ALPIDE}, the Monolithic Active Pixel Sensor for the {ALICE} {ITS} upgrade},
journal = {\textbf{\textup{Nuclear Instruments and Methods in Physics Research Section A: Accelerators, Spectrometers, Detectors and Associated Equipment}}},
volume = {824},
pages = {\ 434 -- 438},
year = {2016},
note = {Frontier Detectors for Frontier Physics: Proceedings of the 13th Pisa Meeting on Advanced Detectors},
issn = {0168-9002},
doi = {https://doi.org/10.1016/j.nima.2015.09.057},
url = {http://www.sciencedirect.com/science/article/pii/S0168900215011122},
author = {M. Mager}
}

@article{Aamodt:2010aa,
      author         = {K Aamodt and N Abel and U Abeysekara and A Abrahantes Quintana and D AdamovÃ¡ and M M Aggarwal and G Aglieri Rinella and A G Agocs and S Aguilar Salazar and Z Ahammed and A Ahmad and N Ahmad and S U Ahn and R Akimoto and A Akindinov and other},
      title          = {Alignment of the {ALICE} Inner Tracking System with
                        cosmic-ray tracks},
      collaboration  = {ALICE},
      journal        = {\textbf{\textup{JINST}}},
      volume         = {5},
      year           = {2010},
      pages          = {\ P03003 -- P03003},
      doi            = {10.1088/1748-0221/5/03/P03003},
      eprint         = {1001.0502},
      archivePrefix  = {arXiv},
      primaryClass   = {physics.ins-det}
}
@article{MATTIAZZO2017664,
title = {The i{MPACT} project tracker and calorimeter},
journal = {\textbf{\textup{ Nuclear Instruments and Methods in Physics Research Section A: Accelerators, Spectrometers, Detectors and Associated Equipment}}},
volume = {845},
pages = {\ 664 -- 667},
year = {2017},
note = {Proceedings of the Vienna Conference on Instrumentation 2016},
issn = {0168-9002},
doi = {https://doi.org/10.1016/j.nima.2016.04.105},
url = {http://www.sciencedirect.com/science/article/pii/S0168900216303412},
author = {S. Mattiazzo and D. Bisello and P. Giubilato and D. Pantano and N. Pozzobon and W. Snoeys},
keywords = {Proton Computed Tomography, Tracker, Calorimeter, Hadron therapy{}
}