@article{1,
author = {Khunkhao, S.๊ and Niemcharoen, S and Ruanghlua, R and Klunngien, Nipapan and Yamwong, Wittawat and Ruangphanit, Anucha and Phongphanchanthra, N},
year = {2019},
month = {02},
pages = {},
title = {Design and Development of CMOS Technology Process for VLSI Fabrication}
}

@article{2,
author = {Phetchakul, Toempong and Taisettavatkul, Prateep and Yamwong, Wittawat and Poyai, Amporn},
year = {2013},
month = {08},
pages = {489-492},
title = {Split-Current Magnetoresistor},
volume = {739},
journal = {Advanced Materials Research},
doi = {10.4028/www.scientific.net/AMR.739.489}
}

@inproceedings{3,
author = {Phetchakul, T and Taisettavatkul, P and Yamwong, Wittawat and Poyai, Amporn},
year = {2013},
month = {05},
pages = {1-4},
title = {Contributing parameters for magnetoresistance effect of the new design on Hall plate structure},
isbn = {978-1-4799-0546-1},
doi = {10.1109/ECTICon.2013.6559502}
}

@inproceedings{4,
author = {Phetchakul, T and Luanatikomkul, W and Yamwong, Wittawat and Poyai, Amporn},
year = {2012},
month = {05},
pages = {1-4},
title = {The mechanism of dual schottky magnetodiode},
isbn = {978-1-4673-2026-9},
doi = {10.1109/ECTICon.2012.6254188}
}

@inproceedings{5,
author = {Phetchakul, T and Taisettavatkul, P and Pengchan, Weera and Yamwong, Wittawat and Poyai, Amporn},
year = {2012},
month = {05},
pages = {1-4},
title = {The new design for magnetoresistance effect on Hall plate structure},
isbn = {978-1-4673-2026-9},
doi = {10.1109/ECTICon.2012.6254189}
}

@article{6,
author = {Phetchakul, T and Luanatikomkul, W and Yamwong, Wittawat and Poyai, Amporn},
year = {2012},
month = {03},
pages = {},
title = {The study of forward and reverse schottky junction for dual magnetodiode},
journal = {2012 7th IEEE International Conference on Nano/Micro Engineered and Molecular Systems, NEMS 2012},
doi = {10.1109/NEMS.2012.6196847}
}

@article{7,
author = {Seekumbor, Eakkaphon and Jaroenapibal, Papot and Lertwikool, Nuansamorn and Yamwong, Wittawat and Triroj, Napat},
year = {2012},
month = {02},
pages = {28-30},
title = {Investigation of Trapped Charges-Induced Stain Formation on RF-PECVD Diamond-Like Carbon Films},
volume = {185},
journal = {Solid State Phenomena},
doi = {10.4028/www.scientific.net/SSP.185.28}
}

@article{8,
author = {Panprom, P and Porntheeraphat, Supanit and Bunjongpru, Win and Tiwawong, T and Yamwong, Wittawat and Hruanun, Charndet and Poyai, Amporn and Nukeaw, J},
year = {2010},
month = {01},
pages = {537-540},
title = {Nanocrystal-ZnO Thin Film Deposition by a Novel Reactive Gas-Timing RF Magnetron Sputtering Provided for UV Photodetectors},
volume = {93-94},
journal = {Advanced Materials Research},
doi = {10.4028/www.scientific.net/AMR.93-94.537}
}

@article{9,
author = {Jaisutti, Rawat and Yamwong, Wittawat and Atthi, Nithi and Pratontep, Sirapat and Osotchan, Tanakorn},
year = {2010},
month = {01},
pages = {},
title = {Organic thickness dependence of organic field-effect transistor devices based on pentacene},
journal = {INEC 2010 - 2010 3rd International Nanoelectronics Conference, Proceedings},
doi = {10.1109/INEC.2010.5424619}
}

@inproceedings{10,
author = {Jaisutti, Rawat and Yamwong, Wittawat and Pratontep, Sirapat and Osotchan, Tanakorn},
year = {2009},
month = {01},
pages = {657-660},
title = {Effect of Opposite Side Electrodes in Organic Field-Effect Transistor Structure},
journal = {4th IEEE International Conference on Nano/Micro Engineered and Molecular Systems, NEMS 2009},
doi = {10.1109/NEMS.2009.5068666}
}

@inproceedings{11,
author = {Phongphanchantra, N and Ruangphanit, Anucha and Klunngien, Nipapan and Yamwong, Wittawat and Niemcharoen, S},
year = {2008},
month = {06},
pages = {825 - 828},
title = {Comparison of conventional and LDD NMOSFETs hot-carrier degradation in 0.8 μm CMOS technology},
isbn = {978-1-4244-2101-5},
doi = {10.1109/ECTICON.2008.4600557}
}